<record><leader>00000cas a2200000 a 4500</leader><controlfield tag="001">11529834</controlfield><controlfield tag="008">841228d18831884ksuwr ne      0   a0eng d</controlfield><datafield ind1=" " ind2=" " tag="010"><subfield code="a">sn 84030409 </subfield></datafield><datafield ind1=" " ind2=" " tag="040"><subfield code="a">KSH</subfield><subfield code="b">eng</subfield><subfield code="c">KSH</subfield><subfield code="d">NPT</subfield><subfield code="d">OCL</subfield><subfield code="d">OCLCQ</subfield></datafield><datafield ind1=" " ind2=" " tag="042"><subfield code="a">msc</subfield></datafield><datafield ind1="0" ind2="4" tag="245"><subfield code="a">The Danville courant.</subfield></datafield><datafield ind1=" " ind2=" " tag="260"><subfield code="a">Danville, Kan. :</subfield><subfield code="b">W.T. Walker,</subfield><subfield code="c">1883-1884.</subfield></datafield><datafield ind1=" " ind2=" " tag="300"><subfield code="a">1 v. ;</subfield><subfield code="c">49 cm.</subfield></datafield><datafield ind1=" " ind2=" " tag="310"><subfield code="a">Weekly</subfield></datafield><datafield ind1="0" ind2=" " tag="362"><subfield code="a">Vol. 1, no. 18 (Mar. 16, 1883)-v. 2, no. 15 (Mar. 1, 1884).</subfield></datafield><datafield ind1=" " ind2=" " tag="500"><subfield code="a">Published by Edgar Brain, Sept. 1, 1883-Mar. 1, 1884.</subfield></datafield><datafield ind1=" " ind2=" " tag="500"><subfield code="a">"Independent."</subfield></datafield><datafield ind1=" " ind2=" " tag="752"><subfield code="a">United States</subfield><subfield code="b">Kansas</subfield><subfield code="c">Harper</subfield><subfield code="d">Danville.</subfield></datafield><datafield ind1="0" ind2="0" tag="780"><subfield code="t">Danville agrus</subfield><subfield code="w">(DLC)sn 84030410</subfield></datafield></record>